@IEEEtranBSTCTL{IEEEexample:BSTcontrol,
CTLuse_forced_etal = "yes",
CTLmax_names_forced_etal = "6",
CTLnames_show_etal = "6",
}
@article{holmes,
  title={Energy-efficient superconducting computingâ€”Power budgets and requirements},
  author={Holmes, D Scott and Ripple, Andrew L and Manheimer, Marc A},
  journal={IEEE Transactions on Applied Superconductivity},
  volume={23},
  number={3},
  pages={1701610--1701610},
  year={2013},
  publisher={IEEE}
}
@article{gambetta2011analytic,
  title={Analytic control methods for high-fidelity unitary operations in a weakly nonlinear oscillator},
  author={Gambetta, Jay M and Motzoi, F and Merkel, ST and Wilhelm, Frank K},
  journal={Physical Review A},
  volume={83},
  number={1},
  pages={012308},
  year={2011},
  publisher={APS}
}
@misc{nielsen2002quantum,
  title={Quantum computation and quantum information},
  author={Nielsen, Michael A and Chuang, Isaac},
  year={2002},
  publisher={AAPT}
}
@article{koch2007charge,
  title={Charge-insensitive qubit design derived from the Cooper pair box},
  author={Koch, Jens and Terri, M Yu and Gambetta, Jay and Houck, Andrew A and Schuster, DI and Majer, J and Blais, Alexandre and Devoret, Michel H and Girvin, Steven M and Schoelkopf, Robert J},
  journal={Physical Review A},
  volume={76},
  number={4},
  pages={042319},
  year={2007},
  publisher={APS}
}
@inproceedings{myslinski2004three,
  title={A three-step procedure utilizing only two test structures for deembedding transistor from on-wafer s-parameter measurements},
  author={Myslinski, M and Wiatr, W and Schreurs, Dominique},
  booktitle={15th International Conference on Microwaves, Radar and Wireless Communications (IEEE Cat. No. 04EX824)},
  volume={2},
  pages={674--677},
  year={2004},
  organization={IEEE}
}
@article{twostatemartinis,
  title={Accurate control of Josephson phase qubits},
  author={Steffen, Matthias and Martinis, John M and Chuang, Isaac L},
  journal={Physical Review B},
  volume={68},
  number={22},
  pages={224518},
  year={2003},
  publisher={APS}
}
@article{pedersen2007fidelity,
  title={Fidelity of quantum operations},
  author={Pedersen, Line Hjortsh{\o}j and M{\o}ller, Niels Martin and M{\o}lmer, Klaus},
  journal={Physics Letters A},
  volume={367},
  number={1-2},
  pages={47--51},
  year={2007},
  publisher={Elsevier}
}
@inproceedings{CharbonISSCC,
  title={{Cryo-CMOS} circuits and systems for scalable quantum computing},
  author={Charbon, Edoardo and Sebastiano, Fabio and Babaie, Masoud and Vladimirescu, Andrei and Shahmohammadi, Mina and Staszewski, Robert Bogdan and Homulle, Harald AR and Patra, Bishnu and Van Dijk, Jeroen PG and Incandela, Rosario M and others},
  booktitle={2017 IEEE International Solid-State Circuits Conference (ISSCC)},
  pages={264--265},
  year={2017},
  organization={Ieee}
}
@article{charbonISSCCexpanded,
  title={{Cryo-CMOS} circuits and systems for quantum computing applications},
  author={Patra, Bishnu and Incandela, Rosario M and Van Dijk, Jeroen PG and Homulle, Harald AR and Song, Lin and Shahmohammadi, Mina and Staszewski, Robert Bogdan and Vladimirescu, Andrei and Babaie, Masoud and Sebastiano, Fabio and others},
  journal={IEEE Journal of Solid-State Circuits},
  volume={53},
  number={1},
  pages={309--321},
  year={2018},
  publisher={IEEE}
}

@inproceedings{vandersypen20171,
  title={1.4 Quantum computing-the next challenge in circuit and system design},
  author={Vandersypen, Lieven and van Leeuwenhoek, Antoni},
  booktitle={2017 IEEE International Solid-State Circuits Conference (ISSCC)},
  pages={24--29},
  year={2017},
  organization={IEEE}
}

@inproceedings{ISSCCbardin,
  title={29.1 A 28nm Bulk-CMOS 4-to-8GHz!` 2mW Cryogenic Pulse Modulator for Scalable Quantum Computing},
  author={Bardin, Joseph C and Jeffrey, Evan and Lucero, Erik and Huang, Trent and Naaman, Ofer and Barends, Rami and White, Ted and Giustina, Marissa and Sank, Daniel and Roushan, Pedram and others},
  booktitle={2019 IEEE International Solid-State Circuits Conference-(ISSCC)},
  pages={456--458},
  year={2019},
  organization={IEEE}
}
@article{ryan2017hardware,
  title={Hardware for dynamic quantum computing},
  author={Ryan, Colm A and Johnson, Blake R and Rist{\`e}, Diego and Donovan, Brian and Ohki, Thomas A},
  journal={Review of Scientific Instruments},
  volume={88},
  number={10},
  pages={104703},
  year={2017},
  publisher={AIP Publishing}
}
@book{kadin1999introduction,
  title={Introduction to superconducting circuits},
  author={Kadin, Alan M},
  year={1999},
  publisher={Wiley New York}
}
@misc{sakurai1995modern,
  title={Modern quantum mechanics, revised edition},
  author={Sakurai, Jun John and Commins, Eugene D},
  year={1995},
  publisher={AAPT}
}
@article{mckay2017efficient,
  title={Efficient {Z} gates for quantum computing},
  author={McKay, David C and Wood, Christopher J and Sheldon, Sarah and Chow, Jerry M and Gambetta, Jay M},
  journal={Physical Review A},
  volume={96},
  number={2},
  pages={022330},
  year={2017},
  publisher={APS}
}
@book{tinkham2004introduction,
  title={Introduction to superconductivity},
  author={Tinkham, Michael},
  year={2004},
  publisher={Courier Corporation}
}
@article{barends2014superconducting,
  title={Superconducting quantum circuits at the surface code threshold for fault tolerance},
  author={Barends, Rami and Kelly, Julian and Megrant, Anthony and Veitia, Andrzej and Sank, Daniel and Jeffrey, Evan and White, Ted C and Mutus, Josh and Fowler, Austin G and Campbell, Brooks and others},
  journal={Nature},
  volume={508},
  number={7497},
  pages={500},
  year={2014},
  publisher={Nature Publishing Group}
}
@article{fowler2012surface,
  title={Surface codes: Towards practical large-scale quantum computation},
  author={Fowler, Austin G and Mariantoni, Matteo and Martinis, John M and Cleland, Andrew N},
  journal={Physical Review A},
  volume={86},
  number={3},
  pages={032324},
  year={2012},
  publisher={APS}
}
@article{rosenberg20173d,
  title={{3D} integrated superconducting qubits},
  author={Rosenberg, D and Kim, D and Das, R and Yost, D and Gustavsson, S and Hover, D and Krantz, P and Melville, A and Racz, L and Samach, GO and others},
  journal={npj quantum information},
  volume={3},
  number={1},
  pages={42},
  year={2017},
  publisher={Nature Publishing Group}
}
@article{mcdermott2018quantum,
  title={Quantum--classical interface based on single flux quantum digital logic},
  author={McDermott, R and Vavilov, MG and Plourde, BLT and Wilhelm, FK and Liebermann, PJ and Mukhanov, OA and Ohki, TA},
  journal={Quantum science and technology},
  volume={3},
  number={2},
  pages={024004},
  year={2018},
  publisher={IOP Publishing}
}
@article{leonard2019digital,
  title={Digital coherent control of a superconducting qubit},
  author={Leonard Jr, Edward and Beck, Matthew A and Nelson, J and Christensen, Brad G and Thorbeck, Ted and Howington, Caleb and Opremcak, Alexander and Pechenezhskiy, Ivan V and Dodge, Kenneth and Dupuis, Nicholas P and others},
  journal={Physical Review Applied},
  volume={11},
  number={1},
  pages={014009},
  year={2019},
  publisher={APS}
}
@article{opremcak2018measurement,
  title={Measurement of a superconducting qubit with a microwave photon counter},
  author={Opremcak, A and Pechenezhskiy, IV and Howington, C and Christensen, BG and Beck, MA and Leonard, E and Suttle, J and Wilen, C and Nesterov, KN and Ribeill, GJ and others},
  journal={Science},
  volume={361},
  number={6408},
  pages={1239--1242},
  year={2018},
  publisher={American Association for the Advancement of Science}
}
@book{kittel1969thermal,
  title={Thermal Physics},
  author={Kittel, C.},
  lccn={72088609},
  year={1969},
  publisher={Wiley}
}
@article{tuckerman2016flexible,
  title={Flexible superconducting {Nb} transmission lines on thin film polyimide for quantum computing applications},
  author={Tuckerman, David B and Hamilton, Michael C and Reilly, David J and Bai, Rujun and Hernandez, George A and Hornibrook, John M and Sellers, John A and Ellis, Charles D},
  journal={Superconductor Science and Technology},
  volume={29},
  number={8},
  pages={084007},
  year={2016},
  publisher={IOP Publishing}
}
@article{hornibrook2015cryogenic,
  title={Cryogenic control architecture for large-scale quantum computing},
  author={Hornibrook, JM and Colless, JI and Lamb, ID Conway and Pauka, SJ and Lu, H and Gossard, AC and Watson, JD and Gardner, GC and Fallahi, S and Manfra, MJ and others},
  journal={Physical Review Applied},
  volume={3},
  number={2},
  pages={024010},
  year={2015},
  publisher={APS}
}
@inproceedings{beckers2017cryogenic,
  title={Cryogenic characterization of 28 nm bulk {CMOS} technology for quantum computing},
  author={Beckers, Arnout and Jazaeri, Farzan and Ruffino, Andrea and Bruschini, Claudio and Baschirotto, Andrea and Enz, Christian},
  booktitle={2017 47th European Solid-State Device Research Conference (ESSDERC)},
  pages={62--65},
  year={2017},
  organization={IEEE}
}
@manual{cryomech,
    organization  = "Cryomech",
    title         = "PT420-CPA1114-Capacity-Curve",
    year          =  2018,
    month         =  1,    
}
@article{clerk2010introduction,
  title={Introduction to quantum noise, measurement, and amplification},
  author={Clerk, Aashish A and Devoret, Michel H and Girvin, Steven M and Marquardt, Florian and Schoelkopf, Robert J},
  journal={Reviews of Modern Physics},
  volume={82},
  number={2},
  pages={1155},
  year={2010},
  publisher={APS}
}
@article{motzoi2009simple,
  title={Simple pulses for elimination of leakage in weakly nonlinear qubits},
  author={Motzoi, Felix and Gambetta, Jay M and Rebentrost, Patrick and Wilhelm, Frank K},
  journal={Physical review letters},
  volume={103},
  number={11},
  pages={110501},
  year={2009},
  publisher={APS}
}
@article{incandela2018characterization,
  title={Characterization and compact modeling of nanometer {CMOS} transistors at deep-cryogenic temperatures},
  author={Incandela, Rosario M and Song, Lin and Homulle, Harald and Charbon, Edoardo and Vladimirescu, Andrei and Sebastiano, Fabio},
  journal={IEEE Journal of the Electron Devices Society},
  volume={6},
  pages={996--1006},
  year={2018},
  publisher={IEEE}
}
@article{beckers2018characterization,
  title={Characterization and modeling of 28-nm bulk {CMOS} technology down to 4.2 {K}},
  author={Beckers, Arnout and Jazaeri, Farzan and Enz, Christian},
  journal={IEEE Journal of the Electron Devices Society},
  volume={6},
  pages={1007--1018},
  year={2018},
  publisher={IEEE}
}
@inproceedings{mismatch,
  title={Characterization and Model Validation of Mismatch in Nanometer {CMOS} at Cryogenic Temperatures},
  author={van Dijk, JPG and Babaie, M and Charbon, E and Vladimircscu, A and Sebastiano, F and others},
  booktitle={2018 48th European Solid-State Device Research Conference (ESSDERC)},
  pages={246--249},
  year={2018},
  organization={IEEE}
}
@article{sorin,
  title={Cryogenic Characterization of 22-nm {FDSOI CMOS} Technology for Quantum Computing {ICs}},
  author={Bonen, S and Alakusu, U and Duan, Y and Gong, MJ and Dadash, MS and Lucci, L and Daughton, DR and Adam, GC and Iord{\u{a}}nescu, S and PÇŽ{\c{s}}teanu, M and others},
  journal={IEEE Electron Device Letters},
  volume={40},
  number={1},
  pages={127--130},
  year={2019},
  publisher={IEEE}
}
@article{van2018impact,
  title={The impact of classical control electronics on qubit fidelity},
  author={van Dijk, Jeroen PG and Kawakami, Erika and Schouten, Raymond N and Veldhorst, Menno and Vandersypen, Lieven MK and Babaie, Masoud and Charbon, Edoardo and Sebastiano, Fabio},
  journal={arXiv preprint arXiv:1803.06176},
  year={2018}
}
@inproceedings{mehrpoo2019benefits,
  title={Benefits and Challenges of Designing Cryogenic {CMOS RF} Circuits for Quantum Computers},
  author={Mehrpoo, M and Patra, B and Gong, J and van Dijk, JPG and Homulle, H and Kiene, G and Vladimirescu, A and Sebastiano, F and Charbon, E and Babaie, M and others},
  booktitle={2019 IEEE International Symposium on Circuits and Systems (ISCAS)},
  pages={1--5},
  year={2019},
  organization={IEEE}
}
@article{homulle2018deep,
  title={Deep-Cryogenic Voltage References in 40-nm {CMOS}},
  author={Homulle, Harald and Sebastiano, Fabio and Charbon, Edoardo},
  journal={IEEE Solid-State Circuits Letters},
  volume={1},
  number={5},
  pages={110--113},
  year={2018},
  publisher={IEEE}
}
@inproceedings{shor1994algorithms,
  title={Algorithms for quantum computation: Discrete logarithms and factoring},
  author={Shor, Peter W},
  booktitle={Proceedings 35th annual symposium on foundations of computer science},
  pages={124--134},
  year={1994},
  organization={Ieee}
}
@inproceedings{grover1996fast,
  title={A fast quantum mechanical algorithm for database search},
  author={Grover, Lov K},
  booktitle={Proceedings of the twenty-eighth annual ACM symposium on Theory of computing},
  pages={212--219},
  year={1996},
  organization={ACM}
}
@article{feynman1982simulating,
  title={Simulating physics with computers},
  author={Feynman, Richard P},
  journal={International journal of theoretical physics},
  volume={21},
  number={6},
  pages={467--488},
  year={1982},
  publisher={Springer}
}
@article{lanyon2010towards,
  title={Towards quantum chemistry on a quantum computer},
  author={Lanyon, Benjamin P and Whitfield, James D and Gillett, Geoff G and Goggin, Michael E and Almeida, Marcelo P and Kassal, Ivan and Biamonte, Jacob D and Mohseni, Masoud and Powell, Ben J and Barbieri, Marco and others},
  journal={Nature chemistry},
  volume={2},
  number={2},
  pages={106},
  year={2010},
  publisher={Nature Publishing Group}
}
@article{biamonte2017quantum,
  title={Quantum machine learning},
  author={Biamonte, Jacob and Wittek, Peter and Pancotti, Nicola and Rebentrost, Patrick and Wiebe, Nathan and Lloyd, Seth},
  journal={Nature},
  volume={549},
  number={7671},
  pages={195},
  year={2017},
  publisher={Nature Publishing Group}
}
@misc{Google,
  title = {A Preview of {Bristlecone}, {Google's} New
Quantum Processor},
  author ={Julian Kelley},
  howpublished = {\url{https://ai.googleblog.com/2018/03/a-preview-of-bristlecone-googles-new.html}},
  year=2017
}
@misc{IBM,
  title = {{IBM} Raises the Bar with a 50-Qubit Quantum
Computer},
  author ={Will Knight},
  howpublished = {\url{https://www.technologyreview.com/s/609451/
ibm-raises-the-bar-with-a-50-qubit-quantum-computer/}},
  year=2017
}
@misc{INTEL,
  title = {{CES} 2018: {Intelâ€™s} 49-Qubit Chip Shoots for Quantum
Supremacy},
  author ={Jeremy Hsu},
  howpublished = {\url{https://spectrum.ieee.org/tech-talk/computing/hardware/
intels-49qubit-chip-aims-for-quantum-supremacy}},
  year=2018
}
@manual{oxford,
    organization  = "Oxford Instruments",
    title         = "Triton XL Product Brochure.", 
}
@manual{pt420,
	organization="Cryomech",
	title="PT420 product data",
	year=2017,
	month=2}
@inproceedings{dodge2019superconducting,
  title={Superconducting Qubit Control with Single Flux Quantum Pulses in A Multichip Module: Part II Qubit and Quasiparticle Measurement},
  author={Dodge, Kenneth and Ballard, Andrew and Howington, Caleb and Iaia, Vito and Nelson, JJ and Liu, Chuan-Hong and Leonard, Edward and Beck, Matthew and Kirichenko, Alex and Yohannes, Daniel and others},
  booktitle={APS Meeting Abstracts},
  year={2019}
}
@manual{linde,
	organization="Linde Kryotechnik AG",
	title="Standard helium liquefier/refrigerator
L280/LR280"}
@ARTICLE{SS1, 
author={H. {Bohuslavskyi} and A. G. M. {Jansen} and S. {Barraud} and V. {Barral} and M. {CassÃ©} and L. {Le Guevel} and X. {Jehl} and L. {Hutin} and B. {Bertrand} and G. {Billiot} and G. {Pillonnet} and F. {Arnaud} and P. {Galy} and S. {De Franceschi} and M. {Vinet} and M. {Sanquer}}, 
journal={IEEE Electron Device Letters}, 
title={Cryogenic Subthreshold Swing Saturation in FD-SOI MOSFETs Described With Band Broadening}, 
year={2019}, 
volume={40}, 
number={5}, 
pages={784-787}, 
keywords={conduction bands;cryogenic electronics;elemental semiconductors;fermion systems;MOSFET;quantum statistical mechanics;semiconductor device models;silicon;silicon-on-insulator;cryogenic subthreshold swing saturation;band broadening;standard MOSFET description;drain current;fundamental lower limit;low-temperature studies;p-type MOSFETs;gate lengths;disorder-induced tail;density of states;conduction band edge;subthreshold region;technology-dependent band-tail extension;FD-SOI MOSFETs;applied gate voltage;subthreshold swing;advanced CMOS technologies;fully-depleted silicon-on-insulator devices;gate oxide thicknesses;interface-trap density;saturation value;FD-SOI devices;valence band edge;MOS channel;Fermi-Dirac statistics;direct determination;cryogenic circuit design;n-type MOSFETs;electron volt energy 3.0 meV;size 28.0 nm;temperature 35.0 K;temperature 300 K to 4 K;Si;Logic gates;MOSFET;Cryogenics;Silicon;Temperature dependence;Capacitance;Cryogenic electronics;MOSFET;subthreshold swing;28 nm FD-SOI;band tail;quantum computing}, 
doi={10.1109/LED.2019.2903111}, 
ISSN={0741-3106}, 
month={May},}
@ARTICLE{SS_SWING_BROADENING, 
author={H. {Bohuslavskyi} and A. G. M. {Jansen} and S. {Barraud} and V. {Barral} and M. {CassÃ©} and L. {Le Guevel} and X. {Jehl} and L. {Hutin} and B. {Bertrand} and G. {Billiot} and G. {Pillonnet} and F. {Arnaud} and P. {Galy} and S. {De Franceschi} and M. {Vinet} and M. {Sanquer}}, 
journal={IEEE Electron Device Letters}, 
title={Cryogenic Subthreshold Swing Saturation in FD-SOI MOSFETs Described With Band Broadening}, 
year={2019}, 
volume={40}, 
number={5}, 
pages={784-787}, 
keywords={conduction bands;cryogenic electronics;elemental semiconductors;fermion systems;MOSFET;quantum statistical mechanics;semiconductor device models;silicon;silicon-on-insulator;cryogenic subthreshold swing saturation;band broadening;standard MOSFET description;drain current;fundamental lower limit;low-temperature studies;p-type MOSFETs;gate lengths;disorder-induced tail;density of states;conduction band edge;subthreshold region;technology-dependent band-tail extension;FD-SOI MOSFETs;applied gate voltage;subthreshold swing;advanced CMOS technologies;fully-depleted silicon-on-insulator devices;gate oxide thicknesses;interface-trap density;saturation value;FD-SOI devices;valence band edge;MOS channel;Fermi-Dirac statistics;direct determination;cryogenic circuit design;n-type MOSFETs;electron volt energy 3.0 meV;size 28.0 nm;temperature 35.0 K;temperature 300 K to 4 K;Si;Logic gates;MOSFET;Cryogenics;Silicon;Temperature dependence;Capacitance;Cryogenic electronics;MOSFET;subthreshold swing;28 nm FD-SOI;band tail;quantum computing}, 
doi={10.1109/LED.2019.2903111}, 
ISSN={0741-3106}, 
month={May},}
@ARTICLE{CHARBON_CRYO_MODEL, 
author={H. {Homulle} and L. {Song} and E. {Charbon} and F. {Sebastiano}}, 
journal={IEEE Journal of the Electron Devices Society}, 
title={The Cryogenic Temperature Behavior of Bipolar, MOS, and DTMOS Transistors in Standard CMOS}, 
year={2018}, 
volume={6}, 
number={}, 
pages={263-270}, 
keywords={bipolar transistors;CMOS integrated circuits;cryogenic electronics;low-power electronics;MOSFET;reference circuits;temperature sensors;cryogenic temperature behavior;DTMOS transistors;CMOS bandgap voltage references;temperature sensors;CMOS substrate BJTs;MOS transistors;bipolar transistors;deep-cryogenic temperatures;MOS devices;temperature range;substrate bipolar PNP transistors;dynamic threshold MOS configurations;standard CMOS technologies;device characterization;CMOS technology;weak inversion;base resistance;temperature 4.0 K to 300.0 K;size 0.16 mum;Temperature sensors;Standards;MOSFET;Current measurement;Photonic band gap;Substrates;Temperature measurement;Characterization;cryogenics;substrate bipolar transistors;CMOS;dynamic-threshold MOS;bandgap references;temperature sensors}, 
doi={10.1109/JEDS.2018.2798281}, 
ISSN={2168-6734}, 
month={},}
@INPROCEEDINGS{IEDM_CHARBON, 
author={E. {Charbon} and F. {Sebastiano} and A. {Vladimirescu} and H. {Homulle} and S. {Visser} and L. {Song} and R. M. {Incandela}}, 
booktitle={2016 IEEE International Electron Devices Meeting (IEDM)}, 
title={Cryo-CMOS for quantum computing}, 
year={2016}, 
volume={}, 
number={}, 
pages={13.5.1-13.5.4}, 
keywords={CMOS integrated circuits;cryogenic electronics;fault tolerance;integrated circuit design;integrated circuit reliability;quantum computing;VLSI;cryogenic CMOS circuits;cryoCMOS;quantum computing;cryogenic CMOS systems;VLSI design;fault-tolerant quantum bits;fault-tolerant qubit system;deep-cryogenic temperatures;Quantum dots;Quantum computing;Multiplexing;Field programmable gate arrays;Fault tolerance;Fault tolerant systems;Computers}, 
doi={10.1109/IEDM.2016.7838410}, 
ISSN={2156-017X}, 
month={Dec},}
@INPROCEEDINGS{beckers_GM, 
author={A. {Beckers} and F. {Jazaeri} and H. {Bohuslavskyi} and L. {Hutin} and S. {De Franceschi} and C. {Enz}}, 
booktitle={2018 Joint International EUROSOI Workshop and International Conference on Ultimate Integration on Silicon (EUROSOI-ULIS)}, 
title={Design-oriented modeling of 28 nm FDSOI CMOS technology down to 4.2 K for quantum computing}, 
year={2018}, 
volume={}, 
number={}, 
pages={1-4}, 
keywords={CMOS integrated circuits;cryogenic electronics;integrated circuit design;integrated circuit modelling;quantum computing;silicon-on-insulator;room temperature;incomplete ionization;interface traps;fundamental device-physics;circuit device-models;temperature reduction;industry-standard compact models;cryogenic temperatures;quantum computing;FDSOI CMOS technology;design-oriented simplified EKV model;back-gate sensitivity;transconductance efficiency;transfer characteristics;cryo-CMOS circuit design;size 28.0 nm;temperature 4.2 K;temperature 293 K to 298 K;Silicon-on-insulator;MOS devices;Ionization;Temperature;Integrated circuit modeling;Temperature measurement;Temperature dependence;28 nm FDSOI;cryo-CMOS;cryoelectronics;cryogenic;quantum computing;4.2 K}, 
doi={10.1109/ULIS.2018.8354742}, 
ISSN={2472-9132}, 
month={March},}
@inproceedings{coskun2014cryogenic,
  title={Cryogenic small-signal and noise performance of 32nm SOI CMOS},
  author={Coskun, AH and Bardin, JC},
  booktitle={2014 IEEE MTT-S International Microwave Symposium (IMS2014)},
  pages={1--4},
  year={2014},
  organization={IEEE}
}
@article{blais2004cavity,
  title={Cavity quantum electrodynamics for superconducting electrical circuits: An architecture for quantum computation},
  author={Blais, Alexandre and Huang, Ren-Shou and Wallraff, Andreas and Girvin, Steven M and Schoelkopf, R Jun},
  journal={Physical Review A},
  volume={69},
  number={6},
  pages={062320},
  year={2004},
  publisher={APS}
}
@article{PhysRevLett.94.123602,
  title = {ac Stark Shift and Dephasing of a Superconducting Qubit Strongly Coupled to a Cavity Field},
  author = {Schuster, D. I. and Wallraff, A. and Blais, A. and Frunzio, L. and Huang, R.-S. and Majer, J. and Girvin, S. M. and Schoelkopf, R. J.},
  journal = {Phys. Rev. Lett.},
  volume = {94},
  issue = {12},
  pages = {123602},
  numpages = {4},
  year = {2005},
  month = {Mar},
  publisher = {American Physical Society},
  doi = {10.1103/PhysRevLett.94.123602},
  url = {https://link.aps.org/doi/10.1103/PhysRevLett.94.123602}
}
@inproceedings{bardinISSCC,
  title={A 28nm Bulk-CMOS 4-to-8{GHz} $<$2{mW} Cryogenic Pulse Modulator for Scalable Quantum Computing},
  author={Bardin, Joseph C and Jeffrey, Evan and Lucero, Erik and Huang, Trent and Naaman, Ofer and Barends, Rami and White, Ted and Giustina, Marissa and Sank, Daniel and Roushan, Pedram and others},
  booktitle={2019 IEEE International Solid-State Circuits Conference-(ISSCC)},
  pages={456--458},
  year={2019},
  organization={IEEE}
}
@phdthesis{chen2018metrology,
  title={Metrology of quantum control and measurement in superconducting qubits},
  author={Chen, Zijun},
  year={2018},
  school={UC Santa Barbara}
}
@article{majer2007coupling,
  title={Coupling superconducting qubits via a cavity bus},
  author={Majer, J and Chow, JM and Gambetta, JM and Koch, Jens and Johnson, BR and Schreier, JA and Frunzio, L and Schuster, DI and Houck, Andrew Addison and Wallraff, Andreas and others},
  journal={Nature},
  volume={449},
  number={7161},
  pages={443},
  year={2007},
  publisher={Nature Publishing Group}
}
@article{martinis2014fast,
  title={Fast adiabatic qubit gates using only $\sigma$ z control},
  author={Martinis, John M and Geller, Michael R},
  journal={Physical Review A},
  volume={90},
  number={2},
  pages={022307},
  year={2014},
  publisher={APS}
}
@article{steffen2003accurate,
  title={Accurate control of Josephson phase qubits},
  author={Steffen, Matthias and Martinis, John M and Chuang, Isaac L},
  journal={Physical Review B},
  volume={68},
  number={22},
  pages={224518},
  year={2003},
  publisher={APS}
}
@article{magesan2011scalable,
  title={Scalable and robust randomized benchmarking of quantum processes},
  author={Magesan, Easwar and Gambetta, Jay M and Emerson, Joseph},
  journal={Physical review letters},
  volume={106},
  number={18},
  pages={180504},
  year={2011},
  publisher={APS}
}
@article{magesan2012efficient,
  title={Efficient measurement of quantum gate error by interleaved randomized benchmarking},
  author={Magesan, Easwar and Gambetta, Jay M and Johnson, Blake R and Ryan, Colm A and Chow, Jerry M and Merkel, Seth T and Da Silva, Marcus P and Keefe, George A and Rothwell, Mary B and Ohki, Thomas A and others},
  journal={Physical review letters},
  volume={109},
  number={8},
  pages={080505},
  year={2012},
  publisher={APS}
}